@article{hiransha2018nse,
  title={NSE stock market prediction using deep-learning models},
  author={Hiransha, M and Gopalakrishnan, E Ab and Menon, Vijay Krishna and Soman, KP},
  journal={Procedia computer science},
  volume={132},
  pages={1351--1362},
  year={2018},
  publisher={Elsevier}
}

@article{gao2020application,
	title={The application of stock index price prediction with neural network},
	author={Gao, Penglei and Zhang, Rui and Yang, Xi},
	journal={Mathematical and Computational Applications},
	volume={25},
	number={3},
	pages={53},
	year={2020},
	publisher={Multidisciplinary Digital Publishing Institute}
}

@inproceedings{lea2017temporal,
	title={Temporal convolutional networks for action segmentation and detection},
	author={Lea, Colin and Flynn, Michael D and Vidal, Rene and Reiter, Austin and Hager, Gregory D},
	booktitle={proceedings of the IEEE Conference on Computer Vision and Pattern Recognition},
	pages={156--165},
	year={2017}
}

@article{bai2018empirical,
	title={An empirical evaluation of generic convolutional and recurrent networks for sequence modeling},
	author={Bai, Shaojie and Kolter, J Zico and Koltun, Vladlen},
	journal={arXiv preprint arXiv:1803.01271},
	year={2018}
}

@inproceedings{siami2018comparison,
	title={A comparison of ARIMA and LSTM in forecasting time series},
	author={Siami-Namini, Sima and Tavakoli, Neda and Namin, Akbar Siami},
	booktitle={2018 17th IEEE International Conference on Machine Learning and Applications (ICMLA)},
	pages={1394--1401},
	year={2018},
	organization={IEEE}
}